<record><leader>00000cas a22000007a 4500</leader><controlfield tag="001">17453430</controlfield><controlfield tag="008">880209d19011904iauwr ne      0    0eng d</controlfield><datafield ind1=" " ind2=" " tag="010"><subfield code="a">sn 88059489 </subfield></datafield><datafield ind1=" " ind2=" " tag="040"><subfield code="a">INP</subfield><subfield code="b">eng</subfield><subfield code="c">INP</subfield><subfield code="d">OCLCQ</subfield></datafield><datafield ind1=" " ind2=" " tag="042"><subfield code="a">msc</subfield></datafield><datafield ind1="0" ind2="0" tag="245"><subfield code="a">Sam G. Sloane's Charles City intelligencer.</subfield></datafield><datafield ind1=" " ind2=" " tag="260"><subfield code="a">Charles City, Floyd Co., Iowa :</subfield><subfield code="b">S.G. Sloane,</subfield><subfield code="c">1901-1904.</subfield></datafield><datafield ind1=" " ind2=" " tag="300"><subfield code="a">4 v.</subfield></datafield><datafield ind1=" " ind2=" " tag="310"><subfield code="a">Weekly</subfield></datafield><datafield ind1="0" ind2=" " tag="362"><subfield code="a">Vol. 45, no. 10 (May 9, 1901)-v. 48, no. 30 (July 28, 1904).</subfield></datafield><datafield ind1=" " ind2=" " tag="752"><subfield code="a">United States</subfield><subfield code="b">Iowa</subfield><subfield code="c">Floyd</subfield><subfield code="d">Charles City.</subfield></datafield><datafield ind1="0" ind2="4" tag="780"><subfield code="t">Charles City intelligencer (Charles City, Iowa : 1870)</subfield><subfield code="w">(DLC)sn 84027075</subfield></datafield><datafield ind1="0" ind2="4" tag="780"><subfield code="t">Sam G. Sloane's Charles City citizen</subfield><subfield code="w">(DLC)sn 88059488</subfield></datafield><datafield ind1="0" ind2="0" tag="785"><subfield code="t">Charles City intelligencer (Charles City, Iowa : 1904)</subfield><subfield code="w">(DLC)sn 88059490</subfield></datafield></record>